@manual{Enck,
  author = {Enck, William and Miettinen, Markus and Mohamed, Reham and Reaves, Bradley and Sadeghi, Ahmad-Reza Sadeghi},
  title = {{HomeSnitch}: Behavior Transparency and Control for Smart Home IoT Devices},
  booktitle = {Proceedings of the 12th Conference on Security and Privacy in Wireless and Mobile Networks},
  year = {2019},
  pages = {128--138},
  doi = {10.1145/3317549.3323409}
}