%% This BibTeX bibliography file was created using BibDesk.
%% http://bibdesk.sourceforge.net/


%% Created for Boyang Wang at 2017-12-07 11:45:06 -0500 


%% Saved with string encoding Unicode (UTF-8) 
@inproceedings{Abbas,
  author = {Abbas Acar, Hossein Fereidooni, Tigist Abera, Amit Kumar Sikder, Markus Miettinen, Hidayet Aksu, Mauro Conti, Ahmad-Reza Sadeghi, and A Selcuk Uluagac},
  title = {Peek-a-Boo: I see your smart home activities, even encrypted!},
  year = {2018},
  Url = {https://arxiv.org/pdf/1808.02741.pdf.}
}
@inproceedings{six,
  author = {Bruhadeshwar Bezawada, Maalvika Bachani, Jordan Peterson, Hossein Shirazi,Indrakshi Ray, and Indrajit Ray},
  title = {Behavioral Fingerprinting of IoT Devices},
  booktitle = {Workshop on Attacks and Solutions in Hardware Security (ASHES). ACM, Toronto, Canada},
  year = {2018},
  pages = {41--50}
}
@inproceedings{Martin,
  author = {Martin Ester, Hans-Peter Kriegel, Jörg Sander, and Xiaowei Xu},
  title = {A Density-basedd Algorithm for Discovering Clusters in Large Spatial Databases with Noise},
  booktitle = {International Conference on Knowledge Discovery and Data Mining (KDD). AAAI Press, Portland, Oregon},
  year = {1996},
  pages = {226--231},
  Url = {se. http://dl.acm.org/citation.cfm?id=3001460.3001507}
}
@inproceedings{Fabian,
  author = {Fabian Pedregosa, Gaël Varoquaux, Alexandre Gramfort, Vincent Michel,Bertrand Thirion, Olivier Grisel, Mathieu Blondel, Peter Prettenhofer, RonWeiss, Vincent Dubourg, Jake Vanderplas, Alexandre Passos, David Cournapeau, Matthieu Brucher, Matthieu Perrot, and Édouard Duchesnay},
  title = {Scikit-learn: Machine Learning in Python},
  booktitle = {J. Mach. Learn. Res., Vol. 12. JMLR.org, 2825–
2830.},
  year = {2011}
}
@inproceedings{Enck,
  author = {Enck, William and Miettinen, Markus and Mohamed, Reham and Reaves, Bradley and Sadeghi, Ahmad-Reza Sadeghi},
  title = {{HomeSnitch}: Behavior Transparency and Control for Smart Home IoT Devices},
  booktitle = {Proceedings of the 12th Conference on Security and Privacy in Wireless and Mobile Networks},
  year = {2019},
  pages = {128--138},
  doi = {10.1145/3317549.3323409}
}
@inproceedings{Jeff,
  author = {Jeff Terrell, Kevin Je#ay, F. Donelson Smith, Jim Gogan, and Joni Keller},
  title = {Passive, Streaming Inference of TCP Connection Structure for Network Server Management},
  booktitle = {Traffic Monitoring and Analysis, Maria Papadopouli, Philippe Owezarski, and Aiko Pras (Eds.). Springer Berlin Heidelberg},
  year = {2009},
  pages = {42-53},
}
@inproceedings{Helen,
  author = {Helen Rebecca Schindler, Jonathan Cave, Neil Robinson, Veronika Horvath, Petal
Hackett, Salil Gunashekar, Maarten Botterman, Simon Forge, and Hans Graux.},
  title = {Examining Europe’s Policy Options to Foster Development of the ’Internet
of Things’.},
  year = {2012},
  Url = {http://www.rand.org/pubs/research_reports/RR356.html}
}
@inproceedings{Vijay,
  author = {Vijay Sivaraman, Dominic Chan, Dylan Earl, and Roksana Boreli.},
  title = {Smart-Phones Attacking Smart-Homes.},
  year = {2016},
  booktitle = {Conference on Security & Privacy in Wireless and Mobile Networks (WiSec). ACM, Darmstadt, Germany},
  pages = {195--200},
}
@inproceedings{Nitesh,
  author = {Nitesh Dhanjani},
  title = {Abusing the internet of things: blackouts, freakouts, and
stakeouts},
  year = {2015},
  booktitle = {O’Reilly Media, Inc., Sebastopol, CA.}
}
@article{Warner65,
	Author = {Warner, Stanley L},
	Date-Added = {2017-12-03 18:17:23 +0000},
	Date-Modified = {2017-12-03 18:17:52 +0000},
	Journal = {Journal of the American Statistical Association},
	Number = {309},
	Pages = {63--69},
	Title = {Randomized response: A survey technique for eliminating evasive answer bias},
	Volume = {60},
	Year = {1965}}

@inproceedings{DPPDG16,
	Author = {Ioannis Demertzis and Stavros Papadopoulos and Odysseas Papapetrou and Antonios Deligiannakis and Minos Garofalakis},
	Booktitle = {{Proc. of ACM SIGMOD'16}},
	Date-Added = {2017-10-27 20:49:57 +0000},
	Date-Modified = {2017-10-27 20:52:06 +0000},
	Title = {{Practical Private Range Search Revisited}},
	Year = {2016}}

@inproceedings{KKNO16,
	Author = {{Georgios Kellaris and George Kollios and Kobbi Nissim and Adam O'Neil}},
	Booktitle = {{Proc. of ACM CCS'16}},
	Date-Added = {2017-10-26 22:13:22 +0000},
	Date-Modified = {2017-10-26 22:14:47 +0000},
	Title = {{Generic Attacks on Secure Outsourced Databases}},
	Year = {2016}}

@unpublished{LMP17,
	Author = {{Mari-Sarah Lacharite and Brice Minaud and Kenneth G. Paterson}},
	Date-Added = {2017-10-26 21:51:39 +0000},
	Date-Modified = {2017-10-27 21:20:43 +0000},
	Note = {{https://eprint.iacr.org/2017/701}},
	Title = {{Improved Reconstruction Attacks on Encrypted Data Using Range Query Leakage}},
	Year = {2017}}

@unpublished{KT17,
	Author = {Florian Kerschbaum and Anselme Tueno},
	Date-Added = {2017-10-26 21:50:07 +0000},
	Date-Modified = {2017-10-27 21:20:14 +0000},
	Note = {{https://arxiv.org/abs/1709.09314}},
	Title = {{An Efficiently Searchable Encrypted Data Structure for Range Queries}},
	Year = {2017}}

@url{Census,
	Date-Added = {2017-09-28 14:26:21 +0000},
	Date-Modified = {2017-09-28 14:27:12 +0000},
	Title = {{Census-Income (KDD) Data Set}},
	Url = {https://archive.ics.uci.edu/ml/datasets/},
	Bdsk-Url-1 = {https://archive.ics.uci.edu/ml/datasets/}}

@url{NYHealth,
	Date-Added = {2017-09-28 14:20:07 +0000},
	Date-Modified = {2017-09-28 14:22:35 +0000},
	Title = {{Childhood Blood Lead Testing and Incidence of Blood Lead Levels of 10 mcg/dL or Greater by Zip Code: Beginning 2003}},
	Url = {https://health.data.ny.gov/Health},
	Bdsk-Url-1 = {https://health.data.ny.gov/Health}}

@inproceedings{LW16,
	Author = {Kevin Lewi and David J. Wu},
	Booktitle = {{Proc. of ACM CCS'16}},
	Date-Added = {2017-09-25 14:58:38 +0000},
	Date-Modified = {2017-09-25 14:59:36 +0000},
	Title = {{Order-Revealing Encryption: New Constructions, Applications, and Lower Bounds}},
	Year = {2016}}

@inproceedings{BLRSZZ15,
	Author = {Dan Boneh and Kevin Lewi and Mariana Raykova and Amit Sahai and Mark Zhandry and Joe Zimmerman},
	Booktitle = {{Proc. of EUROCRYPT'15}},
	Date-Added = {2017-09-25 14:54:14 +0000},
	Date-Modified = {2017-09-25 14:56:42 +0000},
	Title = {{Sematically Secure Order-Revealing Encryption: Multi-Input Functinoal Encryption Without Obfuscation}},
	Year = {2015}}

@webpage{Equifax,
	Date-Added = {2017-09-21 14:34:00 +0000},
	Date-Modified = {2017-09-21 14:36:29 +0000},
	Url = {https://en.wikipedia.org/wiki/Equifax},
	Bdsk-Url-1 = {https://en.wikipedia.org/wiki/Equifax}}

@unpublished{Nakamoto08,
	Author = {Satoshi Nakamoto},
	Date-Added = {2017-07-28 20:06:19 +0000},
	Date-Modified = {2017-07-28 20:09:51 +0000},
	Note = {{www.bitcoin.org}},
	Title = {{Bitcoin: A peer-to-peer electronic cash system}},
	Year = {2008}}

@inproceedings{DN92,
	Author = {Cynthia Dwork and Moni Naor},
	Booktitle = {{Proc. of CRYPTO'92}},
	Date-Added = {2017-07-28 20:02:11 +0000},
	Date-Modified = {2017-07-28 20:03:08 +0000},
	Title = {{Pricing via Processing or Combatting Junk Mail}},
	Year = {1992}}

@inproceedings{JJ99,
	Author = {M. Jakobsson and A. Juels},
	Booktitle = {{Communications and Multimedia Security (CMS)}},
	Date-Added = {2017-07-28 19:55:11 +0000},
	Date-Modified = {2017-07-28 20:00:25 +0000},
	Pages = {258-272},
	Title = {{Proofs of Work and Bread Pudding Protocols}},
	Year = {1999}}

@unpublished{MS10,
	Author = {R. Markus and M. Schneider},
	Date-Added = {2017-04-02 22:46:19 +0000},
	Date-Modified = {2017-04-02 22:46:19 +0000},
	Note = {https://eprint.iacr.org/2010/137.pdf},
	Title = {{Estimating the Security of Lattice-based Cryptography}}}

@unpublished{Singh15,
	Author = {Vikram Singh},
	Date-Added = {2017-04-02 22:46:13 +0000},
	Date-Modified = {2017-04-02 22:46:13 +0000},
	Note = {https://eprint.iacr.org/2015/138.pdf},
	Title = {{A Practical Key Enchange for the Internet using Lattice Cryptography}}}

@url{OpenSSL,
	Date-Added = {2017-04-02 22:39:05 +0000},
	Date-Modified = {2017-09-28 14:25:45 +0000},
	Note = {https://www.openssl.org/},
	Title = {{OpenSSL}}}

@inproceedings{SYY99,
	Author = {Tomas Sander and Adam Young and Moti Yung},
	Booktitle = {{40th Annual Symposium on Foundations of Computer Science}},
	Date-Added = {2017-04-02 22:22:50 +0000},
	Date-Modified = {2017-04-02 22:22:50 +0000},
	Title = {{Non-Interactive CryptoComputing for NC1}},
	Year = {1999}}

@misc{GMP,
	Date-Added = {2017-04-02 22:11:00 +0000},
	Date-Modified = {2017-04-02 22:11:31 +0000},
	Note = {https://gmplib.org/}}

@article{PTK13,
	Author = {Andreas Peter and Erik Tews and Stefan Katzenbeisser},
	Date-Added = {2017-03-23 14:09:21 +0000},
	Date-Modified = {2017-03-23 14:09:21 +0000},
	Journal = {IEEE Transactions on Information Forensics and Security},
	Number = {12},
	Pages = {2046-2058},
	Title = {{Efficiently Outsourcing Multiparty Computation Under Multiple Keys}},
	Volume = {8},
	Year = {2013}}

@inproceedings{DDC16,
	Author = {F Betul Durak and Thomas M. DuBuisson and David Cash},
	Booktitle = {{Proc. of ACM CCS'16}},
	Date-Added = {2017-03-23 14:00:19 +0000},
	Date-Modified = {2017-03-23 14:01:40 +0000},
	Title = {{What Else is Revealed by Order-Revealing Encryption}},
	Year = {2016}}

@unpublished{FVYSHGSMC17,
	Author = {Benjamin Fuller and Mayank Varia and Arkady Yerukhimovich and Emily Shen and Ariel Hamlin and Vijay Gadepally and Richard Shay and John Darby Mitchell and Rober K. Cunningham},
	Date-Added = {2017-03-23 13:53:50 +0000},
	Date-Modified = {2017-03-23 13:56:48 +0000},
	Note = {https://arxiv.org/abs/1703.02014},
	Title = {{SoK: Cryptographically Protected Database Search}}}

@unpublished{FBBHKS17,
	Author = {Benny Fuhry and Raad Bahmani and Ferdinand Brasser and Florian Hahn and Florian Kerschbaum and Ahmad-Reza Sadeghi},
	Date-Added = {2017-03-23 13:44:17 +0000},
	Date-Modified = {2017-03-23 13:46:35 +0000},
	Note = {https://arxiv.org/abs/1703.04583},
	Title = {{HardIDX: Practical and Secure Index with SGX}}}

@inproceedings{QWLLZ16,
	Author = {Hanyu Quan and Boyang Wang and Iraklis Leontiadis and Ming Li and Yuqing Zhang},
	Booktitle = {{Proc. of International Conference on Cryptology and Network Security (CANS)}},
	Date-Added = {2017-03-18 15:28:34 +0000},
	Date-Modified = {2017-03-18 15:32:58 +0000},
	Title = {{SecReach: Secure Reachability Computation on Encrypted Location Check-in Data}},
	Year = {2016}}

@inproceedings{GSBNR17,
	Author = {Paul Grubbs and Kevin Sekniqi and Vincent Bindschaedler and Muhammad Naveed and Thomas Ristenpart},
	Booktitle = {{Proc. of IEEE S\&P'17}},
	Date-Added = {2017-03-18 15:21:07 +0000},
	Date-Modified = {2017-03-18 15:22:52 +0000},
	Title = {{Leakage-Abuse Attacks against Order-Revealing Encryption}},
	Year = {2017}}

@inproceedings{NKW15,
	Author = {M. Naveed and S. Kamara and C. V. Wright},
	Booktitle = {{Proc. of ACM CCS'15}},
	Date-Added = {2017-03-18 15:18:49 +0000},
	Date-Modified = {2017-03-18 15:19:59 +0000},
	Title = {{Inference Attacks on Property-Preserving Encrypted Databases}},
	Year = {2015}}

@unpublished{Pinkas17,
	Author = {Benny Pinkas},
	Date-Added = {2017-03-18 14:47:08 +0000},
	Date-Modified = {2017-03-18 14:47:59 +0000},
	Note = {{http://cyber.biu.ac.il/wp-content/uploads/2017/01/9-2.pdf}},
	Title = {{Searchable Encryption Using ORAM}}}

@unpublished{Naveed15,
	Author = {Muhammad Naveed},
	Date-Added = {2017-03-18 14:11:47 +0000},
	Date-Modified = {2017-03-18 14:12:53 +0000},
	Note = {https://eprint.iacr.org/2015/668.pdf},
	Title = {{The Fallacy of Composition of Oblivious RAM and Searchable Encryption}}}

@inproceedings{Goldreich87,
	Author = {Oded Goldreich},
	Booktitle = {{Proc. of ACM STOC'87}},
	Date-Added = {2017-03-18 13:17:28 +0000},
	Date-Modified = {2017-03-18 13:19:19 +0000},
	Title = {{Towards a Theory of Software Protection and Simulation by Oblivious RAMs}},
	Year = {1987}}

@inproceedings{CLZZL16,
	Author = {Wenxin Chen and Mengjun Liu and Rui Zhang and Yanchao Zhang and Shubo Liu},
	Booktitle = {{Proc. of IEEE INFOCOM'16}},
	Date-Added = {2017-03-17 20:47:49 +0000},
	Date-Modified = {2017-03-17 20:47:49 +0000},
	Title = {{Secure Outsourced Skyline Query Processing via Untrusted Cloud Service Providers}},
	Year = {2016}}

@unpublished{CD16,
	Author = {Victor Costan and Srinivas Devadas},
	Date-Added = {2017-03-16 22:15:39 +0000},
	Date-Modified = {2017-03-16 22:16:52 +0000},
	Note = {https://eprint.iacr.org/2016/086.pdf},
	Title = {{Intel SGX Explained}}}

@inproceedings{Kerschbaum15,
	Author = {Florian Kerschbaum},
	Booktitle = {{Proc. of ACM CCS'15}},
	Date-Added = {2017-03-16 21:04:21 +0000},
	Date-Modified = {2017-03-16 21:09:15 +0000},
	Title = {{Frequency-Hiding Order-Preserving Encryption}},
	Year = {2015}}

@inproceedings{BF01,
	Author = {Dan Boneh and Matthew Franklin},
	Booktitle = {{Proc. of CRYPTO'01}},
	Date-Added = {2017-03-16 20:59:52 +0000},
	Date-Modified = {2017-03-16 21:00:53 +0000},
	Title = {{Identity-Based Encryption from the Weil Paring}},
	Year = {2001}}

@article{WF17,
	Author = {Boyang Wang and Xinxin Fan},
	Date-Added = {2017-03-15 20:23:36 +0000},
	Date-Modified = {2017-03-15 20:25:12 +0000},
	Journal = {{IEEE Transactions on Depenable and Secure Computing}},
	Title = {{Search Ranges Efficiently and Compatibly as Keywords over Encrypted Data}},
	Year = {accepted, 2017}}

@misc{IQrypt,
	Date-Added = {2017-03-15 19:58:12 +0000},
	Date-Modified = {2017-03-15 19:58:27 +0000},
	Note = {http://www.iqrypt.com/}}

@webpage{Bigquery,
	Date-Added = {2017-03-15 19:52:35 +0000},
	Date-Modified = {2017-09-21 14:37:01 +0000},
	Url = {https://github.com/google/encrypted-bigquery-client},
	Bdsk-Url-1 = {https://github.com/google/encrypted-bigquery-client}}

@inproceedings{ABEKKRV13,
	Author = {A. Arasu and S. Blanas and K. Eguro and R. Kaushik and D. Kossmann and R. Ramaurthy and R. Venkatesan},
	Booktitle = {{The 6th Biennial Conference on Innovative Data Systems Research (CIDR'13)}},
	Date-Added = {2017-03-15 19:41:48 +0000},
	Date-Modified = {2017-03-15 19:48:52 +0000},
	Title = {{Orthogonal Security with Cipherbase}},
	Year = {2013}}

@inproceedings{ZGH07,
	Author = {Ge Zhong and Ian Goldberg and Urs Hengartner},
	Booktitle = {{Proc. of PET'07}},
	Date-Added = {2017-02-27 01:12:44 +0000},
	Date-Modified = {2017-02-27 01:12:44 +0000},
	Title = {{Louis, Lester and Pierre: Three Protocols for Location Privacy}},
	Year = {2007}}

@article{TRL12,
	Author = {Sasu Tarkoma and Christian Esteve Rothenberg and Eemil Lagerspetz},
	Date-Added = {2017-02-27 01:10:59 +0000},
	Date-Modified = {2017-02-27 01:10:59 +0000},
	Journal = {{IEEE Communications Surveys and Tutorials}},
	Number = {1},
	Title = {{Theory and Practice of Bloom Filters for Distributed Systems}},
	Volume = {14},
	Year = {2012}}

@inproceedings{SBS12,
	Author = {Houtan Shirani-Mehr and Farnoush Banaei-Kashani and Cyrus Shahabi},
	Booktitle = {{Proc. of VLDB'12}},
	Date-Added = {2017-02-27 01:09:35 +0000},
	Date-Modified = {2017-02-27 01:09:35 +0000},
	Title = {{Efficient Reachability Query Evaluation in Large Spatiotemporal Contact Datasets}},
	Year = {2012}}

@inproceedings{PRZB11,
	Author = {Raluca Ada Popa and Catherine M.S. Redfield and Nickolai Zeldovich and Hari Balakrishnan},
	Booktitle = {{Proc. of ACM SOSP'11}},
	Date-Added = {2017-02-27 01:05:38 +0000},
	Date-Modified = {2017-12-07 16:45:04 +0000},
	Title = {{CryptDB: Protecting Confidentiality with Encrypted Query Processing}},
	Year = {2011}}

@inproceedings{Kerschbaum12,
	Author = {Florian Kerschbaum},
	Booktitle = {{Proc. of ACM AISACCS'12}},
	Date-Added = {2017-02-27 01:04:10 +0000},
	Date-Modified = {2017-02-27 01:04:10 +0000},
	Title = {{Outsourced Private Set Intersection Using Homomorphic Encryption}},
	Year = {2012}}

@inproceedings{HKCL03,
	Author = {S. Hwang and K. Kwon and S. Cha and B. Lee},
	Booktitle = {{Advances in Spatial and Temporal Databases}},
	Date-Added = {2017-02-27 01:03:39 +0000},
	Date-Modified = {2017-02-27 01:03:39 +0000},
	Title = {{Performance Evaluation of Main-Memory R-tree Variants}},
	Year = {2003}}

@article{GM84,
	Author = {S. Goldwasser and S. Micali},
	Date-Added = {2017-02-27 01:02:34 +0000},
	Date-Modified = {2017-02-27 01:02:34 +0000},
	Journal = {{Journal of Computer and Systems Science}},
	Number = {2},
	Title = {{Probabilistic Encryption}},
	Volume = {28},
	Year = {1984}}

@inproceedings{DCW13,
	Author = {Changyu Dong and Liqun Chen and Zikai Wen},
	Booktitle = {{Proc. of ACM CCS'13}},
	Date-Added = {2017-02-27 01:01:40 +0000},
	Date-Modified = {2017-02-27 01:01:40 +0000},
	Title = {{When Private Set Intersection Meets Big Data: An Efficient Scalable Protocol}},
	Year = {2013}}

@inproceedings{DA01,
	Author = {Wenliang Du and Mikhail J. Atallah},
	Booktitle = {{Proc. of the 2001 workshop on New Security Paradigms}},
	Date-Added = {2017-02-27 01:01:30 +0000},
	Date-Modified = {2017-02-27 01:01:30 +0000},
	Title = {{Secure Multi-Party Computation Problems and Their Applications: a Review and Open Problems}},
	Year = {2001}}

@book{CLRS09,
	Author = {Thomas H. Cormen and Charles E. Leiserson and Ronald L. Rivest and Clifford Stein},
	Date-Added = {2017-02-27 01:01:05 +0000},
	Date-Modified = {2017-02-27 01:01:05 +0000},
	Publisher = {{The MIT Press}},
	Title = {{Introduction to Algorithms}},
	Year = {2009}}

@article{Chazelle86,
	Author = {Bernard Chazelle},
	Date-Added = {2017-02-27 01:00:45 +0000},
	Date-Modified = {2017-02-27 01:00:45 +0000},
	Journal = {{SIAM J. Comput.}},
	Number = {3},
	Title = {{Filtering Search: A New Approach to Query-Answering}},
	Volume = {15},
	Year = {1986}}

@article{BM04,
	Author = {Andrel Broder and Michael Mitzenmacher},
	Date-Added = {2017-02-27 00:59:45 +0000},
	Date-Modified = {2017-02-27 00:59:45 +0000},
	Journal = {{Internet Mathematics}},
	Number = {4},
	Title = {{Network Applications of Bloom Filters: A Survey}},
	Volume = {1},
	Year = {2004}}

@article{Bloom70,
	Author = {Burtin H. Bloom},
	Date-Added = {2017-02-27 00:59:35 +0000},
	Date-Modified = {2017-02-27 00:59:35 +0000},
	Journal = {{Communications of the ACM}},
	Number = {7},
	Pages = {422-426},
	Title = {{Space/Time Trade-offs in Hash Coding with Allowable Errors}},
	Volume = {13},
	Year = {1970}}

@article{Bentley79,
	Author = {Bentley, J. L.},
	Date-Added = {2017-02-27 00:59:10 +0000},
	Date-Modified = {2017-02-27 00:59:10 +0000},
	Journal = {{Information Processing Letters}},
	Number = {5},
	Pages = {201--244},
	Title = {{Decomposable Searching Problems}},
	Volume = {8},
	Year = {1979}}

@article{Bentley75,
	Author = {Bentley, J. L.},
	Date-Added = {2017-02-27 00:59:04 +0000},
	Date-Modified = {2017-02-27 00:59:04 +0000},
	Journal = {{Communications of the ACM}},
	Number = {9},
	Pages = {509--517},
	Title = {{Multidimensional Binary Search Trees Used for Associative Searching}},
	Volume = {18},
	Year = {1975}}

@inproceedings{AKSX04,
	Author = {Rakesh Agrawal and Jerry Kiernan and Ramakrishnan Srikant and Yirong Xu},
	Booktitle = {{Proc. of ACM SIGMOD'04}},
	Date-Added = {2017-02-27 00:58:32 +0000},
	Date-Modified = {2017-02-27 00:58:32 +0000},
	Title = {{Order Preserving Encryption for Numeric Data}},
	Year = {2004}}

@inproceedings{AFV11,
	Author = {Shweta Agrawal and David Mandell Freeman and Vinod Vaikuntanathan},
	Booktitle = {{Proc. of ASIACRYPT'11}},
	Date-Added = {2017-02-27 00:58:14 +0000},
	Date-Modified = {2017-02-27 00:58:14 +0000},
	Title = {{Functional Encryption for Inner Product Predicates from Learning with Errors}},
	Year = {2011}}

@unpublished{AABKPS13,
	Author = {Shashank Agrawal and Shweta Agrawal and Saikrishna Badrinarayanan and Abishek Kumarasubramanian and Manoj Prabhakaran and Amit Sahai},
	Date-Added = {2017-02-27 00:57:52 +0000},
	Date-Modified = {2017-02-27 00:57:52 +0000},
	Note = {{https://eprint.iacr.org/2013/744.pdf}},
	Title = {{Function Private Functional Encryption and Property Preserving Encryption: New Definitions and Positive Resuslts}}}

@inproceedings{WYLH14,
	Author = {Bing Wang and Shucheng Yu and Wenjing Lou and Y. T. Hou},
	Booktitle = {{Proc. of IEEE INFOCOM'14}},
	Date-Added = {2017-02-27 00:48:49 +0000},
	Date-Modified = {2017-02-27 00:48:49 +0000},
	Title = {{Privacy-Preserving Multi-Keyword Fuzzy Search over Encrypted Data in the Cloud}},
	Year = {2014}}

@inproceedings{WRYU12,
	Author = {Cong Wang and Kui Ren and Shucheng Yu and Karthik Mahendra Raie Urs},
	Booktitle = {{Proc. of IEEE INFOCOM'12}},
	Date-Added = {2017-02-27 00:47:45 +0000},
	Date-Modified = {2017-02-27 00:47:45 +0000},
	Title = {{Achieving Usable and Privacy-assured Similarity Search over Outsourced Cloud Data}},
	Year = {2012}}

@inproceedings{WKCLY14,
	Author = {Wai Kit Wong and Ben Kao and David Wailok Cheung and Rongbin Li and Siu Ming Yiu},
	Booktitle = {{Proc. of ACM SIGMOD'14}},
	Date-Added = {2017-02-27 00:45:40 +0000},
	Date-Modified = {2017-02-27 00:45:40 +0000},
	Title = {{Secure Query Processing with Data Interoperability in a Cloud Database Environment}},
	Year = {2014}}

@inproceedings{SYLHL14,
	Author = {Wenhai Sun and Shucheng Yu and Wenjing Lou and Y. T. Hou and Hui Li},
	Booktitle = {{Proceedings of IEEE INFOCOM 2014}},
	Date-Added = {2017-02-27 00:44:23 +0000},
	Date-Modified = {2017-02-27 00:44:23 +0000},
	Title = {{Protecting Your Right: Attribute-based Keyword Search with Fine-grained Owner-enforced Search Authorization in the Cloud}},
	Year = {2014}}

@inproceedings{SG14,
	Author = {Jaroslav Sedenka and Paolo Gasti},
	Booktitle = {{Proc. of ACM ASIACCS'14}},
	Date-Added = {2017-02-27 00:44:00 +0000},
	Date-Modified = {2017-02-27 00:44:00 +0000},
	Pages = {99-110},
	Title = {{Privacy-Preserving Distance Computation and Proxitity Testing on Earth, Done Right}},
	Year = {2014}}

@misc{PBC,
	Date-Added = {2017-02-27 00:43:12 +0000},
	Date-Modified = {2017-02-27 00:43:28 +0000},
	Note = {crypto.stanford.edu/pbc/},
	Url = {crypto.stanford.edu/pbc/},
	Bdsk-Url-1 = {crypto.stanford.edu/pbc/}}

@inproceedings{NTLHB11,
	Author = {Arvind Narayanan and Narendran Thiagarajan and Mugdha Lakhani and Michael Hamburg and Dan Boneh},
	Booktitle = {{Proc. of NDSS'11}},
	Date-Added = {2017-02-27 00:41:55 +0000},
	Date-Modified = {2017-02-27 00:41:55 +0000},
	Title = {{Location Privacy via Private Proximity Testing}},
	Year = {2011}}

@inproceedings{LWWCRL10,
	Author = {Jin Li and Qian Wang and Cong Wang and Ning Cao and Kui Ren and Wenjing Lou},
	Booktitle = {{Proc. of IEEE INFOCOM'10}},
	Date-Added = {2017-02-27 00:38:03 +0000},
	Date-Modified = {2017-02-27 00:38:03 +0000},
	Title = {{Fuzzy Keyword Search over Encrypted Data in Cloud Computing}},
	Year = {2010}}

@inproceedings{KIK12,
	Author = {Mehmet Kuzu and Mohammad Saiful Islam and Murat Kantarcioglu},
	Booktitle = {{Proc. of IEEE ICDE'12}},
	Date-Added = {2017-02-27 00:37:25 +0000},
	Date-Modified = {2017-02-27 00:37:25 +0000},
	Title = {{Efficient Similarity Search over Encrypted Data}},
	Year = {2012}}

@book{IR98,
	Author = {Kenneth Ireland and Michael Rosen},
	Date-Added = {2017-02-27 00:36:49 +0000},
	Date-Modified = {2017-02-27 00:36:49 +0000},
	Publisher = {Springer},
	Title = {{A Classical Introduction to Modern Number Theory}},
	Year = {1998}}

@book{Goldreich04,
	Author = {Oded Goldreich},
	Date-Added = {2017-02-27 00:36:12 +0000},
	Date-Modified = {2017-02-27 00:36:12 +0000},
	Publisher = {{Cambridge University Press}},
	Title = {{Foundations of Cryptography: Volume 2, Basic Applications}},
	Year = {2004}}

@article{GO96,
	Author = {O. Goldreich and R. Ostrovsky},
	Date-Added = {2017-02-27 00:36:03 +0000},
	Date-Modified = {2017-02-27 00:36:03 +0000},
	Journal = {Journal of the ACM},
	Number = {3},
	Pages = {431-473},
	Title = {{Software protection and Software Protection and Simulation on Oblivious Rams}},
	Volume = {43},
	Year = {1996}}

@inproceedings{ABCKK05,
	Author = {M. Abdalla and M. Bellare and D. Catalano and Eike Kiltz and T. Kohno and T. Lange and J. Malone-Lee and G. Neven and P. Paillier and H. Shi},
	Booktitle = {{Proc. of CRYPTO'05}},
	Date-Added = {2017-02-27 00:13:35 +0000},
	Date-Modified = {2017-02-27 00:13:50 +0000},
	Title = {{Searchable Encryption Revisited: Consistency Properties, Relation to Anonymous IBE, and Extensions}},
	Year = {2005}}

@inproceedings{BW06,
	Author = {Boyen, Xavier and Waters, Brent},
	Booktitle = {{Proc. of CRYPTO'06}},
	Date-Added = {2017-02-27 00:12:48 +0000},
	Date-Modified = {2017-02-27 00:12:48 +0000},
	Pages = {290--307},
	Publisher = {Springer-Verlag},
	Title = {{Anonymous Hierarchical Identity-Based Encryption (Without Random Oracles)}},
	Year = {2006}}

@inproceedings{BRS13,
	Author = {Dan Boneh and Ananth Raghunathan and Gil Segev},
	Booktitle = {{Proc. of CRYPTO'13}},
	Date-Added = {2017-02-27 00:12:38 +0000},
	Date-Modified = {2017-02-27 00:12:38 +0000},
	Title = {{Function-Private Identity-Based Encryption: Hiding the Function in Functional Encryption}},
	Year = {2013}}

@inproceedings{BC14,
	Author = {Alexandra Boldyreva and Nathan Chenette},
	Booktitle = {{Proc. of Fast Software Encryption}},
	Date-Added = {2017-02-27 00:11:11 +0000},
	Date-Modified = {2017-02-27 00:11:11 +0000},
	Title = {{Efficient Fuzzy Search on Encrypted Data}},
	Year = {2014}}

@article{AE99,
	Author = {P.K. Agarwal and Jeff Erickson},
	Booktitle = {{}},
	Date-Added = {2017-02-27 00:09:58 +0000},
	Date-Modified = {2017-02-27 00:09:58 +0000},
	Journal = {{Discrete and Computational Geometry}},
	Title = {{Geometric Range Searching and Its Relatives}},
	Year = {1999}}

@inproceedings{AD01,
	Author = {M. J. Atallah and W. Du},
	Booktitle = {{International Workshop on Algorithms and Data Strucutres}},
	Date-Added = {2017-02-27 00:09:33 +0000},
	Date-Modified = {2017-02-27 00:09:33 +0000},
	Pages = {165-179},
	Title = {{Secure Multiparty Computational Geometry}},
	Year = {2001}}

@inproceedings{YZW06,
	Author = {Yang, Zhiqiang and Zhong, Sheng and Wright, Rebecca N.},
	Booktitle = {{Proc. of ESORICS'06}},
	Date-Added = {2017-02-27 00:06:36 +0000},
	Date-Modified = {2017-02-27 00:06:49 +0000},
	Pages = {479--495},
	Title = {{Privacy-Preserving Queries on Encrypted Data}},
	Year = {2006}}

@inproceedings{WRW11,
	Author = {Wang, Cong and Ren, Kui and Wang, Jia},
	Booktitle = {{IEEE International Conference on Computer Communications, INFOCOM 2011}},
	Date-Added = {2017-02-27 00:06:23 +0000},
	Date-Modified = {2017-02-27 00:06:23 +0000},
	Title = {{Secure and Practical Outsourcing of Linear Programming in Cloud Computing}},
	Year = {2011},
	Bdsk-File-1 = {YnBsaXN0MDDUAQIDBAUGJCVYJHZlcnNpb25YJG9iamVjdHNZJGFyY2hpdmVyVCR0b3ASAAGGoKgHCBMUFRYaIVUkbnVsbNMJCgsMDxJXTlMua2V5c1pOUy5vYmplY3RzViRjbGFzc6INDoACgAOiEBGABIAFgAdccmVsYXRpdmVQYXRoWWFsaWFzRGF0YV8QhS4uLy4uL2JveWFuZy1pbmZvY29tMTJhL2JveWFuZy1pbmZvY29tMTJhX3YzL3JlZmVyZW5jZXMvU2VjdXJlIGFuZCBQcmFjdGljYWwgT3V0c291cmNpbmcgb2YgTGluZWFyIFByb2dyYW1taW5nIGluIENsb3VkIENvbXB1dGluZy5wZGbSFwsYGVdOUy5kYXRhTxECygAAAAACygACAAAMTWFjaW50b3NoIEhEAAAAAAAAAAAAAAAAAAAAxYp8MEgrAAACsZhcH1NlY3VyZSBhbmQgUHJhY3RpY2EjMkIxOTg2Ri5wZGYAAAAAAAAAAAAAAAAAAAAAAAAAAAAAAAAAAAAAAAAAAAKxmG/J2ITzAAAAAAAAAAAAAgAEAAAJIAAAAAAAAAAAAAAAAAAAAApyZWZlcmVuY2VzABAACAAAxYrCgAAAABEACAAAydi9MwAAAAEAHAKxmFwCsZgGArGYAQKa3isCmtMlApoaLAAAeYwAAgB7TWFjaW50b3NoIEhEOlVzZXJzOmJ5d2FuZzpEb2N1bWVudHM6d29ya3M6Ym95YW5nLWluZm9jb20xMmE6Ym95YW5nLWluZm9jb20xMmFfdjM6cmVmZXJlbmNlczpTZWN1cmUgYW5kIFByYWN0aWNhIzJCMTk4NkYucGRmAAAOAJwATQBTAGUAYwB1AHIAZQAgAGEAbgBkACAAUAByAGEAYwB0AGkAYwBhAGwAIABPAHUAdABzAG8AdQByAGMAaQBuAGcAIABvAGYAIABMAGkAbgBlAGEAcgAgAFAAcgBvAGcAcgBhAG0AbQBpAG4AZwAgAGkAbgAgAEMAbABvAHUAZAAgAEMAbwBtAHAAdQB0AGkAbgBnAC4AcABkAGYADwAaAAwATQBhAGMAaQBuAHQAbwBzAGgAIABIAEQAEgCcVXNlcnMvYnl3YW5nL0RvY3VtZW50cy93b3Jrcy9ib3lhbmctaW5mb2NvbTEyYS9ib3lhbmctaW5mb2NvbTEyYV92My9yZWZlcmVuY2VzL1NlY3VyZSBhbmQgUHJhY3RpY2FsIE91dHNvdXJjaW5nIG9mIExpbmVhciBQcm9ncmFtbWluZyBpbiBDbG91ZCBDb21wdXRpbmcucGRmABMAAS8AABUAAgAN//8AAIAG0hscHR5aJGNsYXNzbmFtZVgkY2xhc3Nlc11OU011dGFibGVEYXRhox0fIFZOU0RhdGFYTlNPYmplY3TSGxwiI1xOU0RpY3Rpb25hcnmiIiBfEA9OU0tleWVkQXJjaGl2ZXLRJidUcm9vdIABAAgAEQAaACMALQAyADcAQABGAE0AVQBgAGcAagBsAG4AcQBzAHUAdwCEAI4BFgEbASMD8QPzA/gEAwQMBBoEHgQlBC4EMwRABEMEVQRYBF0AAAAAAAACAQAAAAAAAAAoAAAAAAAAAAAAAAAAAAAEXw==}}

@inproceedings{WR13,
	Author = {Peng Wang and Chinya V. Ravishankar},
	Booktitle = {{Proc. of IEEE ICDE'13}},
	Date-Added = {2017-02-27 00:05:54 +0000},
	Date-Modified = {2017-02-27 00:05:54 +0000},
	Pages = {314-325},
	Title = {{Secure and Efficient Range Queries on Outsourced Databases Using R-trees}},
	Year = {2013}}

@inproceedings{WBDS04,
	Author = {Waters, Brent and Balfanz, Dirk and Durfee, Glenn and Smetters, D. K.},
	Booktitle = {{Proc. of NDSS'04}},
	Date-Added = {2017-02-27 00:05:25 +0000},
	Date-Modified = {2017-02-27 00:05:25 +0000},
	Title = {{Building an Encrypted and Searchable Audit Log}},
	Year = {2004}}

@inproceedings{WCLRL10,
	Author = {Wang, Cong and Cao, Ning and Li, Jin and Ren, Kui and Lou, Wenjing},
	Booktitle = {{Proc. of ICDCS'10}},
	Date-Added = {2017-02-27 00:04:42 +0000},
	Date-Modified = {2017-02-27 00:05:07 +0000},
	Pages = {253-262},
	Title = {{Secure Ranked Keyword Search over Encrypted Cloud Data}},
	Year = {2010}}

@inproceedings{SDSFRYD13,
	Author = {Emil Stefanov and Marten van Dijk and Elaine Shi and Christopher Fletcher and Ling Ren and Xiangyao Yu and Srinivas Devadas},
	Booktitle = {{Proc. of ACM CCS'13}},
	Date-Added = {2017-02-27 00:04:16 +0000},
	Date-Modified = {2017-02-27 00:04:16 +0000},
	Pages = {299-310},
	Title = {{Path ORAM: An Extremely Simple Oblivious RAM Protocol}},
	Year = {2013}}

@article{RWW12,
	Author = {Ren, Kui and Wang, Cong and Wang, Qian},
	Date-Added = {2017-02-27 00:03:15 +0000},
	Date-Modified = {2017-02-27 00:03:15 +0000},
	Journal = {IEEE Internet Computing},
	Number = {1},
	Pages = {69--73},
	Title = {{Security Challenges for the Public Cloud}},
	Volume = {16},
	Year = {2012}}

@inproceedings{OT09,
	Affiliation = {NTT 3-9-11 Midori-cho, Musashino-shi Tokyo 180-8585 Japan},
	Author = {Okamoto, Tatsuaki and Takashima, Katsuyuki},
	Booktitle = {{Proc. of ASIACRYPT'09}},
	Date-Added = {2017-02-27 00:02:47 +0000},
	Date-Modified = {2017-02-27 00:02:58 +0000},
	Pages = {214--231},
	Title = {{Hierarchical Predicate Encryption for Inner-Products}},
	Year = {2009}}

@inproceedings{LZDLC13,
	Author = {Junzuo Lai and Xuhua Zhou and Robert H. Deng and Yingjiu Li and Kefei Chen},
	Booktitle = {{Proc. of ACM ASIACCS'13}},
	Date-Added = {2017-02-27 00:02:10 +0000},
	Date-Modified = {2017-02-27 00:02:10 +0000},
	Pages = {243-251},
	Title = {{Expressive Search on Encrypted Data}},
	Year = {2013}}

@inproceedings{LYCL11,
	Author = {Li, M. and Yu, S. and Cao, N. and Lou, W.},
	Booktitle = {{Proc. of IEEE ICDCS'11}},
	Date-Added = {2017-02-27 00:01:28 +0000},
	Date-Modified = {2017-02-27 00:01:35 +0000},
	Pages = {383--392},
	Title = {{Authorized Private Keyword Search over Encrypted Data in Cloud Computing}},
	Year = {2011}}

@inproceedings{LOST10,
	Affiliation = {University of Texas at Austin},
	Author = {Lewko, Allison and Okamoto, Tatsuaki and Sahai, Amit and Takashima, Katsuyuki and Waters, Brent},
	Booktitle = {{Proc. of EUROCRYPT'10}},
	Date-Added = {2017-02-27 00:01:03 +0000},
	Date-Modified = {2017-02-27 00:01:14 +0000},
	Pages = {62--91},
	Title = {{Fully Secure Functional Encryption: Attribute-Based Encryption and (Hierarchical) Inner Product Encryption}},
	Year = {2010}}

@inproceedings{KSW08,
	Author = {Katz, Jonathan and Sahai, Amit and Waters, Brent},
	Booktitle = {{Proc. of EUROCRYPT'08}},
	Date-Added = {2017-02-27 00:00:15 +0000},
	Date-Modified = {2017-02-27 00:00:36 +0000},
	Location = {Istanbul, Turkey},
	Pages = {146--162},
	Title = {{Predicate Encryption Supporting Disjunctions, Polynomial Equations, and Inner Products}},
	Year = {2008}}

@inproceedings{GSW04,
	Author = {Golle, Philippe and Staddon, Jessica and Waters, Brent},
	Booktitle = {{Proc. of ACNS'04}},
	Date-Added = {2017-02-26 23:59:09 +0000},
	Date-Modified = {2017-02-26 23:59:20 +0000},
	Pages = {31-45},
	Title = {{Secure Conjunctive Keyword Search over Encrypted Data}},
	Year = {2004}}

@unpublished{Gentry11,
	Author = {Gentry, Craig},
	Date-Added = {2017-02-26 23:58:51 +0000},
	Date-Modified = {2017-02-26 23:58:51 +0000},
	Note = {http://eprint.iacr.org/2011/277.pdf},
	Title = {{Fully Homomorphic Encryption without Bootstrapping}},
	Year = {2011},
	Bdsk-File-1 = {YnBsaXN0MDDUAQIDBAUGJCVYJHZlcnNpb25YJG9iamVjdHNZJGFyY2hpdmVyVCR0b3ASAAGGoKgHCBMUFRYaIVUkbnVsbNMJCgsMDxJXTlMua2V5c1pOUy5vYmplY3RzViRjbGFzc6INDoACgAOiEBGABIAFgAdccmVsYXRpdmVQYXRoWWFsaWFzRGF0YV8Qbi4uLy4uL2JveWFuZy1pbmZvY29tMTJhL2JveWFuZy1pbmZvY29tMTJhX3YzL3JlZmVyZW5jZXMvRnVsbHkgSG9tb21vcnBoaWMgRW5jcnlwdGlvbiB3aXRob3V0IEJvb3RzdHJhcHBpbmcucGRm0hcLGBlXTlMuZGF0YU8RAoYAAAAAAoYAAgAADE1hY2ludG9zaCBIRAAAAAAAAAAAAAAAAAAAAMWKfDBIKwAAArGYXB9GdWxseSBIb21vbW9ycGhpYyBFIzJFMjM5RjQucGRmAAAAAAAAAAAAAAAAAAAAAAAAAAAAAAAAAAAAAAAAAAAC4jn0yjovElBERiBDQVJPAAIABAAACSAAAAAAAAAAAAAAAAAAAAAKcmVmZXJlbmNlcwAQAAgAAMWKwoAAAAARAAgAAMo6Z1IAAAABABwCsZhcArGYBgKxmAECmt4rAprTJQKaGiwAAHmMAAIAe01hY2ludG9zaCBIRDpVc2VyczpieXdhbmc6RG9jdW1lbnRzOndvcmtzOmJveWFuZy1pbmZvY29tMTJhOmJveWFuZy1pbmZvY29tMTJhX3YzOnJlZmVyZW5jZXM6RnVsbHkgSG9tb21vcnBoaWMgRSMyRTIzOUY0LnBkZgAADgBuADYARgB1AGwAbAB5ACAASABvAG0AbwBtAG8AcgBwAGgAaQBjACAARQBuAGMAcgB5AHAAdABpAG8AbgAgAHcAaQB0AGgAbwB1AHQAIABCAG8AbwB0AHMAdAByAGEAcABwAGkAbgBnAC4AcABkAGYADwAaAAwATQBhAGMAaQBuAHQAbwBzAGgAIABIAEQAEgCFVXNlcnMvYnl3YW5nL0RvY3VtZW50cy93b3Jrcy9ib3lhbmctaW5mb2NvbTEyYS9ib3lhbmctaW5mb2NvbTEyYV92My9yZWZlcmVuY2VzL0Z1bGx5IEhvbW9tb3JwaGljIEVuY3J5cHRpb24gd2l0aG91dCBCb290c3RyYXBwaW5nLnBkZgAAEwABLwAAFQACAA3//wAAgAbSGxwdHlokY2xhc3NuYW1lWCRjbGFzc2VzXU5TTXV0YWJsZURhdGGjHR8gVk5TRGF0YVhOU09iamVjdNIbHCIjXE5TRGljdGlvbmFyeaIiIF8QD05TS2V5ZWRBcmNoaXZlctEmJ1Ryb290gAEACAARABoAIwAtADIANwBAAEYATQBVAGAAZwBqAGwAbgBxAHMAdQB3AIQAjgD/AQQBDAOWA5gDnQOoA7EDvwPDA8oD0wPYA+UD6AP6A/0EAgAAAAAAAAIBAAAAAAAAACgAAAAAAAAAAAAAAAAAAAQE}}

@article{FB74,
	Author = {Finkel, Raphael and Bentley, J. L.},
	Date-Added = {2017-02-26 23:58:27 +0000},
	Date-Modified = {2017-02-26 23:58:27 +0000},
	Journal = {ACTA Informatica},
	Number = {1},
	Pages = {1--9},
	Title = {{Quad Trees: A Data Structure for Retrieval on Composite Keys}},
	Volume = {4},
	Year = {1974}}

@article{DH76,
	Author = {Diffie, Whitfield and Hellman, Martin E.},
	Date-Added = {2017-02-26 23:58:05 +0000},
	Date-Modified = {2017-02-26 23:58:05 +0000},
	Journal = {IEEE Transactions on Information Theory},
	Number = {6},
	Pages = {644--654},
	Title = {{New Directions in Cryptography}},
	Volume = {22},
	Year = {1976},
	Bdsk-File-1 = {YnBsaXN0MDDUAQIDBAUGJCVYJHZlcnNpb25YJG9iamVjdHNZJGFyY2hpdmVyVCR0b3ASAAGGoKgHCBMUFRYaIVUkbnVsbNMJCgsMDxJXTlMua2V5c1pOUy5vYmplY3RzViRjbGFzc6INDoACgAOiEBGABIAFgAdccmVsYXRpdmVQYXRoWWFsaWFzRGF0YV8QOy4uLy4uLy4uL3BhcGVycy9ncm91cHNpZy9OZXcgZGlyZWN0aW9ucyBpbiBjcnlwdG9ncmFwaHkucGRm0hcLGBlXTlMuZGF0YU8RAfAAAAAAAfAAAgAADE1hY2ludG9zaCBIRAAAAAAAAAAAAAAAAAAAAMWKfDBIKwAAArFQeR9OZXcgZGlyZWN0aW9ucyBpbiBjIzJCMTlCRTYucGRmAAAAAAAAAAAAAAAAAAAAAAAAAAAAAAAAAAAAAAAAAAACsZvmyehWM1BERiBDQVJPAAMAAwAACSAAAAAAAAAAAAAAAAAAAAAIZ3JvdXBzaWcAEAAIAADFisKAAAAAEQAIAADJ6I5zAAAAAQAUArFQeQKa3HwCmtMlApoaLAAAeYwAAgBTTWFjaW50b3NoIEhEOlVzZXJzOmJ5d2FuZzpEb2N1bWVudHM6cGFwZXJzOmdyb3Vwc2lnOk5ldyBkaXJlY3Rpb25zIGluIGMjMkIxOUJFNi5wZGYAAA4ARgAiAE4AZQB3ACAAZABpAHIAZQBjAHQAaQBvAG4AcwAgAGkAbgAgAGMAcgB5AHAAdABvAGcAcgBhAHAAaAB5AC4AcABkAGYADwAaAAwATQBhAGMAaQBuAHQAbwBzAGgAIABIAEQAEgBJVXNlcnMvYnl3YW5nL0RvY3VtZW50cy9wYXBlcnMvZ3JvdXBzaWcvTmV3IGRpcmVjdGlvbnMgaW4gY3J5cHRvZ3JhcGh5LnBkZgAAEwABLwAAFQACAA3//wAAgAbSGxwdHlokY2xhc3NuYW1lWCRjbGFzc2VzXU5TTXV0YWJsZURhdGGjHR8gVk5TRGF0YVhOU09iamVjdNIbHCIjXE5TRGljdGlvbmFyeaIiIF8QD05TS2V5ZWRBcmNoaXZlctEmJ1Ryb290gAEACAARABoAIwAtADIANwBAAEYATQBVAGAAZwBqAGwAbgBxAHMAdQB3AIQAjgDMANEA2QLNAs8C1ALfAugC9gL6AwEDCgMPAxwDHwMxAzQDOQAAAAAAAAIBAAAAAAAAACgAAAAAAAAAAAAAAAAAAAM7}}

@inproceedings{CM05,
	Author = {Chang, Yan-Cheng and Mitzenmacher, Michael},
	Booktitle = {{Proc. of ACNS'05}},
	Date-Added = {2017-02-26 23:57:18 +0000},
	Date-Modified = {2017-02-26 23:57:26 +0000},
	Pages = {442-455},
	Title = {{Privacy Preserving Keyword Searches on Remote Encrypted Data}},
	Year = {2005}}

@inproceedings{CWLRL11,
	Author = {Cao, Ning and Wang, Cong and Li, Ming and Ren, Kui and Lou, Wenjing},
	Booktitle = {{Proc. of IEEE INFOCOM'11}},
	Date-Added = {2017-02-26 23:56:18 +0000},
	Date-Modified = {2017-02-26 23:56:37 +0000},
	Pages = {829-837},
	Title = {{Privacy-Preserving Multi-keyword Ranked Search over Encrypted Cloud Data}},
	Year = {2011}}

@article{BSW12,
	Author = {Dan Boneh and Amit Sahai and Brent Waters},
	Date-Added = {2017-02-26 23:56:06 +0000},
	Date-Modified = {2017-02-26 23:56:06 +0000},
	Journal = {{Communications of the ACM}},
	Number = {11},
	Pages = {56--64},
	Title = {{Functional Encryption: A New Vision for Public Key Cryptography}},
	Volume = {55},
	Year = {2012}}

@inproceedings{BBO07,
	Author = {Bellare, Mihir and Boldyreva, Alexandra and O'Neill, Adam},
	Booktitle = {{Proc. of CRYPTO'07}},
	Date-Added = {2017-02-26 23:55:08 +0000},
	Date-Modified = {2017-02-26 23:55:19 +0000},
	Isbn = {3-540-74142-9, 978-3-540-74142-8},
	Location = {Santa Barbara, CA, USA},
	Pages = {535--552},
	Title = {{Deterministic and Efficiently Searchable Encryption}},
	Year = {2007}}

@article{BKM05,
	Author = {Ballard, L. and Kamara, S. and Monrose, F.},
	Date-Added = {2017-02-26 23:54:27 +0000},
	Date-Modified = {2017-02-26 23:54:42 +0000},
	Journal = {{Information and Communications Security}},
	Pages = {414--426},
	Publisher = {Springer},
	Title = {{Achieving Efficient Conjunctive Keyword Searches over Encrypted Data}},
	Year = {2005}}

@article{AFGJKKLPRSZ10,
	Author = {Armbrust, Michael and Fox, Armando and Griffith, Rean and D. Joseph, Anthony and H. Katz, Randy and Konwinski, Andrew and Lee, Gunho and Patterson, David A. and Rabkin, Ariel and Stoica, Ion and Zaharia, Matei},
	Date-Added = {2017-02-26 21:43:25 +0000},
	Date-Modified = {2017-02-26 21:43:25 +0000},
	Journal = {Communications of the ACM},
	Month = {Apirl},
	Number = {4},
	Pages = {50--58},
	Title = {{A View of Cloud Computing}},
	Volume = {53},
	Year = {2010},
	Bdsk-File-1 = {YnBsaXN0MDDUAQIDBAUGJCVYJHZlcnNpb25YJG9iamVjdHNZJGFyY2hpdmVyVCR0b3ASAAGGoKgHCBMUFRYaIVUkbnVsbNMJCgsMDxJXTlMua2V5c1pOUy5vYmplY3RzViRjbGFzc6INDoACgAOiEBGABIAFgAdccmVsYXRpdmVQYXRoWWFsaWFzRGF0YV8QVS4uLy4uL2JveWFuZy1pbmZvY29tMTJhL2JveWFuZy1pbmZvY29tMTJhX3YzL3JlZmVyZW5jZXMvQSBWaWV3IG9mIENsb3VkIENvbXB1dGluZy5wZGbSFwsYGVdOUy5kYXRhTxECOAAAAAACOAACAAAMTWFjaW50b3NoIEhEAAAAAAAAAAAAAAAAAAAAxYp8MEgrAAACsZhcHUEgVmlldyBvZiBDbG91ZCBDb21wdXRpbmcucGRmAAAAAAAAAAAAAAAAAAAAAAAAAAAAAAAAAAAAAAAAAAAAAAK4GC7KDU4KUERGIENBUk8AAgAEAAAJIAAAAAAAAAAAAAAAAAAAAApyZWZlcmVuY2VzABAACAAAxYrCgAAAABEACAAAyg2GSgAAAAEAHAKxmFwCsZgGArGYAQKa3isCmtMlApoaLAAAeYwAAgB5TWFjaW50b3NoIEhEOlVzZXJzOmJ5d2FuZzpEb2N1bWVudHM6d29ya3M6Ym95YW5nLWluZm9jb20xMmE6Ym95YW5nLWluZm9jb20xMmFfdjM6cmVmZXJlbmNlczpBIFZpZXcgb2YgQ2xvdWQgQ29tcHV0aW5nLnBkZgAADgA8AB0AQQAgAFYAaQBlAHcAIABvAGYAIABDAGwAbwB1AGQAIABDAG8AbQBwAHUAdABpAG4AZwAuAHAAZABmAA8AGgAMAE0AYQBjAGkAbgB0AG8AcwBoACAASABEABIAbFVzZXJzL2J5d2FuZy9Eb2N1bWVudHMvd29ya3MvYm95YW5nLWluZm9jb20xMmEvYm95YW5nLWluZm9jb20xMmFfdjMvcmVmZXJlbmNlcy9BIFZpZXcgb2YgQ2xvdWQgQ29tcHV0aW5nLnBkZgATAAEvAAAVAAIADf//AACABtIbHB0eWiRjbGFzc25hbWVYJGNsYXNzZXNdTlNNdXRhYmxlRGF0YaMdHyBWTlNEYXRhWE5TT2JqZWN00hscIiNcTlNEaWN0aW9uYXJ5oiIgXxAPTlNLZXllZEFyY2hpdmVy0SYnVHJvb3SAAQAIABEAGgAjAC0AMgA3AEAARgBNAFUAYABnAGoAbABuAHEAcwB1AHcAhACOAOYA6wDzAy8DMQM2A0EDSgNYA1wDYwNsA3EDfgOBA5MDlgObAAAAAAAAAgEAAAAAAAAAKAAAAAAAAAAAAAAAAAAAA50=}}

@misc{AES,
	Author = {United States National Institude of Standards and Technology (NIST)},
	Date-Added = {2017-02-26 21:26:21 +0000},
	Date-Modified = {2017-02-26 21:31:31 +0000},
	Howpublished = {Fedetal Information Processing Standards Publication 197},
	Title = {{Announcing the Advanced Encryption Standard (AES)}},
	Url = {http://csrc.nist.gov/publications/fips/fips197/fips-197.pdf},
	Bdsk-Url-1 = {http://csrc.nist.gov/publications/fips/fips197/fips-197.pdf}}

@book{FW11,
	Author = {M Fischer and Jinfeng Wang},
	Date-Added = {2017-02-26 21:10:36 +0000},
	Date-Modified = {2017-02-26 21:11:26 +0000},
	Publisher = {{Springer}},
	Title = {{Spatial Data Analysis: Models, Methods and Techniques}},
	Year = {2011}}

@book{BPG08,
	Author = {Roger Bivand and Edzer Pebesma and Virgilio Gomez-Rubio},
	Date-Added = {2017-02-26 21:05:29 +0000},
	Date-Modified = {2017-02-26 21:09:44 +0000},
	Publisher = {{Springer Science \& Business Media}},
	Title = {{Applied Spatial Data Analysis with R}},
	Year = {2013}}

@inproceedings{GR14,
	Author = {Gabriel Ghinita and Razvan Rughinis},
	Booktitle = {{Proc. of ACM CODASPY'14}},
	Date-Added = {2017-02-20 00:39:01 +0000},
	Date-Modified = {2017-02-20 00:39:01 +0000},
	Title = {{An Efficient Privacy-Preserving System for Monitoring Mobile Users: Making Searchable Encryption Practical}},
	Year = {2014}}

@misc{GoogleMaps,
	Date-Added = {2017-02-20 00:26:24 +0000},
	Date-Modified = {2017-02-26 21:02:52 +0000},
	Note = {https://developers.google.com/maps/},
	Url = {https://developers.google.com/maps/},
	Bdsk-Url-1 = {https://developers.google.com/maps/}}

@inproceedings{ZKP16,
	Author = {Yupeng Zhang and Jonathan Katz and Charalampos Papamanthou},
	Booktitle = {USENIX Security},
	Date-Added = {2017-02-19 23:25:52 +0000},
	Date-Modified = {2017-02-19 23:25:52 +0000},
	Pages = {707--720},
	Title = {{All Your Queries Are Belong to Us: The Power of File-Injection Attacks on Searchable Encryption}},
	Year = {2016}}

@inproceedings{CGPR15,
	Author = {David Cash and Paul Grubbs and Jason Perry and Thomas Ristenpart},
	Booktitle = {{Proc. of CCS'15}},
	Date-Added = {2017-02-19 23:25:44 +0000},
	Date-Modified = {2017-02-19 23:25:44 +0000},
	Title = {{Leakage-Abuse Attacks Against Searchable Encryption}},
	Year = {2015}}

@inproceedings{KIK14,
	Author = {Mehmet Kuzu and Mohammad Saiful Islam and Murat Kantarcioglu},
	Booktitle = {{ACM CODASPY'14}},
	Date-Added = {2017-02-19 23:25:33 +0000},
	Date-Modified = {2017-02-19 23:25:33 +0000},
	Pages = {249--256},
	Title = {{Efficient Privacy-Aware Search over Encrypted Databases}},
	Year = {2014}}

@inproceedings{IKK12,
	Author = {Mohammad Saiful Islam and Mehmet Kuzu and Murat Kantarcioglu},
	Booktitle = {{Proc. of NDSS'12}},
	Date-Added = {2017-02-19 23:25:24 +0000},
	Date-Modified = {2017-02-19 23:25:24 +0000},
	Title = {{Access Pattern Disclosure on Searchable Encryption: Ramification, Attack and Mitigation}},
	Year = {2012}}

@article{WHL17,
	Author = {Boyang Wang and Yantian Hou and Ming Li},
	Date-Added = {2017-02-19 23:06:54 +0000},
	Date-Modified = {2017-03-15 20:08:28 +0000},
	Journal = {{IEEE Transactions on Services Computing}},
	Title = {{QuickN: Practical and Secure Nearest Neighbor Search on Encrypted Large-Scale Data}},
	Year = {under review}}

@article{WLX17,
	Author = {Boyang Wang and Ming Li and Li Xiong},
	Date-Added = {2017-02-19 22:56:38 +0000},
	Date-Modified = {2017-03-23 14:10:15 +0000},
	Journal = {{IEEE Transactions on Dependable and Secure Computing}},
	Title = {{FastGeo: Efficient Geometric Range Queries on Encrypted Spatial Data}},
	Year = {accepted, 2017}}

@inproceedings{KO97,
	Author = {E. Kushilevitz and R. Ostrovsky},
	Booktitle = {{Proc. IEEE FOCS'97}},
	Date-Added = {2017-02-12 23:30:38 +0000},
	Date-Modified = {2017-02-12 23:30:38 +0000},
	Title = {{Replication is Not Needed: Single Database, Computationally-Private Information Retrival}},
	Year = {1997}}

@inproceedings{PBP10,
	Author = {Stavros Papadopoulos and Spirdon Bakiras and Dimitris Papadias},
	Booktitle = {{Proc. of VLDB Endowment}},
	Date-Added = {2017-02-12 23:30:26 +0000},
	Date-Modified = {2017-02-12 23:30:26 +0000},
	Title = {{Nearest Neighbor Search with Strong Location Privacy}},
	Year = {2010}}

@inproceedings{GKKST08,
	Author = {Gabriel Ghinita and Panos Kalnis and Ali Khoshgozaran and Cyrus Shahabi and Kian-Lee Tan},
	Booktitle = {{Proc. ACM SIGMOD'08}},
	Date-Added = {2017-02-12 23:30:15 +0000},
	Date-Modified = {2017-02-12 23:30:15 +0000},
	Pages = {121--132},
	Title = {{Private Queries in Location Based Services: Anonymizers are not Necessary}},
	Year = {2008}}

@article{Canetti00,
	Author = {R. Canetti},
	Date-Added = {2017-02-12 23:30:01 +0000},
	Date-Modified = {2017-02-12 23:30:01 +0000},
	Journal = {{Journal of Cryptology}},
	Title = {{Secure and Composition of Multiparty Cryptographic Protocols}},
	Year = {2000}}

@inproceedings{QA08,
	Author = {Yinian Qi and Mikhail J. Atallah},
	Booktitle = {{Proc. IEEE ICDCS}},
	Date-Added = {2017-02-12 23:29:00 +0000},
	Date-Modified = {2017-02-12 23:29:00 +0000},
	Pages = {311--319},
	Title = {{Efficient Privacy-Preserving k-Nearest Neighbor Search}},
	Year = {2008}}

@inproceedings{GKPVZ13,
	Author = {Shafi Goldwasser and Tael Kalai and Raluca Ada Popa and Vinod Vaikuntanathan and Nicholai Zeldovich},
	Booktitle = {{Proc. of ACM STOC'13}},
	Date-Added = {2016-03-19 23:35:44 +0000},
	Date-Modified = {2016-03-19 23:35:44 +0000},
	Title = {{Reusable Garbled Circuits and Succinct Functional Encryption}},
	Year = {2013}}

@inproceedings{BPTG15,
	Author = {Raphael Bost and Raluca Ada Popa and Stephen Tu and Shafi Goldwasser},
	Booktitle = {{Proc. of NDSS'15}},
	Date-Added = {2016-03-19 23:18:55 +0000},
	Date-Modified = {2016-03-19 23:18:55 +0000},
	Title = {{Machine Learning Classification over Encrypted Data}},
	Year = {2015}}

@inproceedings{BGN05,
	Author = {Dan Boneh and Eu-Jin Goh and Kobbi Nissim},
	Booktitle = {{Proc. of TCC'05}},
	Date-Added = {2016-03-19 23:13:53 +0000},
	Date-Modified = {2016-03-19 23:13:53 +0000},
	Title = {{Evaluating 2-DNF Formulas on Ciphertexts}},
	Year = {2005}}

@inproceedings{Paillier99,
	Author = {Paillier, Pascal},
	Booktitle = {{Proc. of EUROCRYP'99}},
	Date-Added = {2016-03-19 23:13:37 +0000},
	Date-Modified = {2016-03-19 23:13:37 +0000},
	Pages = {223--238},
	Title = {{Public-key Cryptosystems Based on composite Degree Residuosity Classes}},
	Year = {1999}}

@inproceedings{CF15,
	Author = {Dario Catalano and Dario Fiore},
	Booktitle = {{Proc. of ACM CCS'15}},
	Date-Added = {2016-03-19 23:13:25 +0000},
	Date-Modified = {2016-03-19 23:13:25 +0000},
	Title = {{Using Linearly-Homomorphic Encryption to Evaluate Degree-2 Functions on Encrypted Data}},
	Year = {2015}}

@inproceedings{Yao86,
	Author = {A. Yao},
	Booktitle = {{Annual Symposium on Foundations of Computer Science}},
	Date-Added = {2016-03-19 23:03:12 +0000},
	Date-Modified = {2016-03-19 23:03:12 +0000},
	Title = {{How to generate and exchange secrets}},
	Year = {1986}}

@inproceedings{GMW87,
	Author = {O. Goldreich and S. Micali and A. Wigderson},
	Booktitle = {{Proc. of ACM STOC'87}},
	Date-Added = {2016-03-19 23:03:12 +0000},
	Date-Modified = {2016-03-19 23:03:12 +0000},
	Title = {{How to play any mental game, or a completeness theorom for protocols with honest majority}},
	Year = {1987}}

@inproceedings{Yao82,
	Author = {A. Yao},
	Booktitle = {{Proc. of FOCS}},
	Date-Added = {2016-03-19 23:02:59 +0000},
	Date-Modified = {2016-03-19 23:02:59 +0000},
	Pages = {160-164},
	Title = {{Protocols for Secure Computations}},
	Year = {1982}}

@inproceedings{Gentry09,
	Author = {Gentry, Craig},
	Booktitle = {{Proc. of STOC'09}},
	Date-Added = {2016-03-19 22:58:23 +0000},
	Date-Modified = {2016-03-19 22:58:23 +0000},
	Title = {{Fully Homomorphic Encryption Using Ideal Lattices}},
	Year = {2009},
	Bdsk-File-1 = {YnBsaXN0MDDUAQIDBAUGJCVYJHZlcnNpb25YJG9iamVjdHNZJGFyY2hpdmVyVCR0b3ASAAGGoKgHCBMUFRYaIVUkbnVsbNMJCgsMDxJXTlMua2V5c1pOUy5vYmplY3RzViRjbGFzc6INDoACgAOiEBGABIAFgAdccmVsYXRpdmVQYXRoWWFsaWFzRGF0YV8QbS4uLy4uL2JveWFuZy1pbmZvY29tMTJhL2JveWFuZy1pbmZvY29tMTJhX3YzL3JlZmVyZW5jZXMvRnVsbHkgSG9tb21vcnBoaWMgRW5jcnlwdGlvbiBVc2luZyBJZGVhbCBMYXR0aWNlcy5wZGbSFwsYGVdOUy5kYXRhTxECggAAAAACggACAAAMTWFjaW50b3NoIEhEAAAAAAAAAAAAAAAAAAAAxYp8MEgrAAACsZhcH0Z1bGx5IEhvbW9tb3JwaGljIEUjMkIxREQ5Qi5wZGYAAAAAAAAAAAAAAAAAAAAAAAAAAAAAAAAAAAAAAAAAAAKx3ZvIz2+0AAAAAAAAAAAAAgAEAAAJIAAAAAAAAAAAAAAAAAAAAApyZWZlcmVuY2VzABAACAAAxYrCgAAAABEACAAAyM+n9AAAAAEAHAKxmFwCsZgGArGYAQKa3isCmtMlApoaLAAAeYwAAgB7TWFjaW50b3NoIEhEOlVzZXJzOmJ5d2FuZzpEb2N1bWVudHM6d29ya3M6Ym95YW5nLWluZm9jb20xMmE6Ym95YW5nLWluZm9jb20xMmFfdjM6cmVmZXJlbmNlczpGdWxseSBIb21vbW9ycGhpYyBFIzJCMUREOUIucGRmAAAOAGwANQBGAHUAbABsAHkAIABIAG8AbQBvAG0AbwByAHAAaABpAGMAIABFAG4AYwByAHkAcAB0AGkAbwBuACAAVQBzAGkAbgBnACAASQBkAGUAYQBsACAATABhAHQAdABpAGMAZQBzAC4AcABkAGYADwAaAAwATQBhAGMAaQBuAHQAbwBzAGgAIABIAEQAEgCEVXNlcnMvYnl3YW5nL0RvY3VtZW50cy93b3Jrcy9ib3lhbmctaW5mb2NvbTEyYS9ib3lhbmctaW5mb2NvbTEyYV92My9yZWZlcmVuY2VzL0Z1bGx5IEhvbW9tb3JwaGljIEVuY3J5cHRpb24gVXNpbmcgSWRlYWwgTGF0dGljZXMucGRmABMAAS8AABUAAgAN//8AAIAG0hscHR5aJGNsYXNzbmFtZVgkY2xhc3Nlc11OU011dGFibGVEYXRhox0fIFZOU0RhdGFYTlNPYmplY3TSGxwiI1xOU0RpY3Rpb25hcnmiIiBfEA9OU0tleWVkQXJjaGl2ZXLRJidUcm9vdIABAAgAEQAaACMALQAyADcAQABGAE0AVQBgAGcAagBsAG4AcQBzAHUAdwCEAI4A/gEDAQsDkQOTA5gDowOsA7oDvgPFA84D0wPgA+MD9QP4A/0AAAAAAAACAQAAAAAAAAAoAAAAAAAAAAAAAAAAAAAD/w==}}

@inproceedings{SWCMLHL13,
	Author = {Wenhai Sun and Bing Wang and Ning Cao and Ming Li and Wenjing Lou and Y. T. Hou and Hui Li},
	Booktitle = {{Proc. of ACM AISACCS'13}},
	Date-Added = {2016-03-19 21:30:01 +0000},
	Date-Modified = {2016-03-19 21:30:01 +0000},
	Title = {{Privacy-Preserving Multi-keyword Text Search in the Cloud Supporting Similarity-based Ranking}},
	Year = {2013}}

@inproceedings{ESJ14,
	Author = {Y. Elmehdwi and B. Samanthula and W. Jiang},
	Booktitle = {{Proc. of IEEE ICDE'14}},
	Date-Added = {2016-03-19 21:26:46 +0000},
	Date-Modified = {2016-03-19 21:26:46 +0000},
	Title = {{Secure k-Nearest Neighbor Query over Encrypted Data in Outsourced Environments}},
	Year = {2014}}

@inproceedings{ZXT13,
	Author = {Youwen Zhu and Rui Xu and Tsuyoshi Takagi},
	Booktitle = {{Proc. ACM CloudComputing'13}},
	Date-Added = {2016-03-19 21:26:26 +0000},
	Date-Modified = {2016-03-19 21:26:26 +0000},
	Pages = {55-60},
	Title = {{Secure k-NN Computation on Encrypted Cloud Data Withouting Sharing Key with Query Users}},
	Year = {2013}}

@inproceedings{YLX13,
	Author = {Bin Yao and Feifei Li and Xiaokui Xiao},
	Booktitle = {{Proc. IEEE ICDE}},
	Date-Added = {2016-03-19 21:24:53 +0000},
	Date-Modified = {2016-03-19 21:24:53 +0000},
	Title = {{Secure Nearest Neighbor Revisited}},
	Year = {2013}}

@inproceedings{HXRC11,
	Author = {Haibo Hu and Jianliang Xu and Chushi Ren and Byron Choi},
	Booktitle = {{Proc. IEEE ICDE}},
	Date-Added = {2016-03-19 21:24:23 +0000},
	Date-Modified = {2016-03-19 21:24:23 +0000},
	Pages = {601--612},
	Title = {{Processing Private Queries over Untrusted Data Cloud through Privacy Homomorphism}},
	Year = {2011}}

@inproceedings{WCKM09,
	Author = {W.K. Wong and David W. Cheung and Ben Kao and Nikos Mamoulis},
	Booktitle = {{Proc. ACM SIGMOD'09}},
	Date-Added = {2016-03-19 21:22:37 +0000},
	Date-Modified = {2016-03-19 21:22:37 +0000},
	Pages = {139--152},
	Title = {{Secure KNN Computation on Encrypted Databases}},
	Year = {2009}}

@inproceedings{BCO11,
	Author = {Alexandra Boldyreva and Nathan Chenette and Adam O'Neil},
	Booktitle = {{Proc. of CRYPTO'11}},
	Date-Added = {2016-03-19 21:21:47 +0000},
	Date-Modified = {2016-03-19 21:21:47 +0000},
	Title = {{Order-Preserving Encryption Revisited: Improved Security Analysis and Alternative Solutions}},
	Year = {2011}}

@inproceedings{SBCSP07,
	Author = {Shi, Elaine and Bethencourt, John and Chan, T-H. Hubert and Song, Dawn and Perrig, Adrian},
	Booktitle = {{Proc. of IEEE S\&P'07}},
	Date-Added = {2016-03-19 21:18:06 +0000},
	Date-Modified = {2016-03-19 21:18:06 +0000},
	Pages = {350--364},
	Title = {{Multi-Dimensional Range Query over Encrypted Data}},
	Year = {2007}}

@misc{Go03,
	Author = {Goh, Eu-Jin},
	Date-Added = {2016-03-19 21:17:06 +0000},
	Date-Modified = {2016-03-19 21:17:06 +0000},
	Howpublished = {Cryptology ePrint Archive, Report 2003/216},
	Note = {http://eprint.iacr.org/},
	Title = {{Secure Indexes}},
	Year = {2003}}

@inproceedings{BCOP04,
	Author = {Boneh, Dan and Crescenzo, Giovanni Di and Ostrovsky, Rafail and Persiano, Giuseppe},
	Booktitle = {{Proc. of EUROCRYPT'04}},
	Date-Added = {2016-03-19 21:14:43 +0000},
	Date-Modified = {2016-03-19 21:14:43 +0000},
	Title = {{Public Key Encryption with Keyword Search}},
	Year = {2004}}

@inproceedings{BW07,
	Author = {Boneh, Dan and Waters, Brent},
	Booktitle = {{the Proceedings of Theory of Cryptography (TCC)}},
	Date-Added = {2016-03-19 21:14:13 +0000},
	Date-Modified = {2016-03-19 21:14:13 +0000},
	Pages = {535--554},
	Publisher = {Springer-Verlag},
	Title = {{Conjunctive, Subset, and Range Queries on Encrypted Data}},
	Year = {2007}}

@inproceedings{Lu12,
	Author = {Lu, Yanbin},
	Booktitle = {{Proc. of NDSS'12}},
	Date-Added = {2016-03-19 21:12:34 +0000},
	Date-Modified = {2016-03-19 21:12:34 +0000},
	Title = {{Privacy-Preserving Logarithmic-time Search on Encrypted Data in Cloud}},
	Year = {2012}}

@inproceedings{CJJKRS13,
	Author = {David Cash and Stanislaw Jarecki and Charanjit Jutla and Hugo Krawczyk and Marcel-Catalin Rosu and Michael Steiner},
	Booktitle = {{Proc. of CRYPTO'13}},
	Date-Added = {2016-03-19 21:12:08 +0000},
	Date-Modified = {2016-03-19 21:12:08 +0000},
	Title = {{Highly-Scalable Searchable Symmetric Encryption with Support for Boolean Queries }},
	Year = {2013}}

@inproceedings{SPS14,
	Author = {Emil Stefanov and Charalampos Papamanthou and Elaine Shi},
	Booktitle = {{Proc. of NDSS'14}},
	Date-Added = {2016-03-19 21:11:32 +0000},
	Date-Modified = {2016-03-19 21:11:32 +0000},
	Title = {{Practical Dynamic Searchable Encryption with Small Leakage}},
	Year = {2014}}

@inproceedings{BMN15,
	Author = {Erik-Oliver Blass and Travis Mayberry and Guevara Noubir},
	Booktitle = {{In Proc. of PETS'15}},
	Date-Added = {2016-03-19 21:10:10 +0000},
	Date-Modified = {2016-03-19 21:10:10 +0000},
	Title = {{Practical Forward-Secure Range and Sort Queries with Updated-Oblivious Linked Lists}},
	Year = {2015}}

@inproceedings{BO15,
	Author = {Foteini Baldimtsi and Olga Ohrimenko},
	Booktitle = {{Proc. of FC'15}},
	Date-Added = {2016-03-19 21:09:29 +0000},
	Date-Modified = {2016-03-19 21:09:29 +0000},
	Title = {{Sorting and Searching Behind the Curtain}},
	Year = {2015}}

@inproceedings{PKVKMCGKB14,
	Author = {Vasilis Pappas and Fernando Krell and Binh Vo and Vladimir Kolesnikov and Tal Malkin and Seung Geol Choi and Wesley George and Angelos Keromytis and Steven Bellovin},
	Booktitle = {{Proc. of IEEE S\&P'14}},
	Date-Added = {2016-03-19 21:06:47 +0000},
	Date-Modified = {2016-03-19 21:06:47 +0000},
	Title = {{Blind Seer: A Searchable Private DBMS}},
	Year = {2014}}

@inproceedings{CJJJKRS14,
	Author = {David Cash and Joseph Jaeger and Stanislaw Jarecki and Charanjit Jutla and Hugo Krawczyk and Marcel-Catalin Rosu and Michael Steiner},
	Booktitle = {{Proc. of NDSS'14}},
	Date-Added = {2016-03-19 21:06:00 +0000},
	Date-Modified = {2016-03-19 21:06:00 +0000},
	Title = {{Dynamic Searchable Encryption in Very-Large Databases: Data Structures and Implementation}},
	Year = {2014}}

@inproceedings{KP13,
	Author = {Seny Kamara and Charalampos Papamanthou},
	Booktitle = {{Proc. of FC}},
	Date-Added = {2016-03-19 21:04:54 +0000},
	Date-Modified = {2016-03-19 21:04:54 +0000},
	Title = {{Parallel and Dynamic Searchable Symmetric Encryption}},
	Year = {2013}}

@inproceedings{KPR12,
	Author = {Kamara, Seny and Papamanthou, Charalampos and Roeder, Tom},
	Booktitle = {{Proc. of ACM CCS'12}},
	Date-Added = {2016-03-19 21:04:33 +0000},
	Date-Modified = {2017-02-26 21:50:08 +0000},
	Isbn = {978-1-4503-1651-4},
	Location = {Raleigh, North Carolina, USA},
	Numpages = {12},
	Pages = {965--976},
	Title = {{Dynamic Searchable Symmetric Encryption}},
	Year = {2012}}

@inproceedings{CGKO06,
	Author = {Curtmola, Reza and Garay, Juan A. and Kamara, Seny and Ostrovsky, Rafail},
	Booktitle = {{Proc. of ACM CCS'06}},
	Date-Added = {2016-03-19 21:04:03 +0000},
	Date-Modified = {2017-02-26 21:46:24 +0000},
	Title = {{Searchable Symmetric Encryption: Improved Definitions and Efficient Constructions}},
	Year = {2006}}

@article{SFA16,
	Author = {Shashi Shekhar and Stenven K. Feiner and Walid G. Aref},
	Date-Added = {2016-03-19 20:47:45 +0000},
	Date-Modified = {2016-03-19 20:49:23 +0000},
	Journal = {{Communications of the ACM}},
	Number = {1},
	Pages = {72-81},
	Title = {{Spatial Computing}},
	Volume = {59},
	Year = {2016}}

@inproceedings{CML11,
	Author = {E. Cho and S. A. Myers and J. Leskovec},
	Booktitle = {{ACM SIGKDD KDD'11}},
	Date-Added = {2016-03-19 17:09:14 +0000},
	Date-Modified = {2016-03-19 17:09:14 +0000},
	Title = {{Friendship and Mobility: User Movement in Location-Based Social Networks}},
	Year = {2011}}

@inproceedings{WHL16,
	Author = {Boyang Wang and Yantian Hou and Ming Li},
	Booktitle = {{Proc. of IEEE INFOCOM'16}},
	Date-Added = {2016-03-19 17:00:37 +0000},
	Date-Modified = {2016-03-19 17:01:57 +0000},
	Title = {{Practical and Secure Nearest Neighbor Search on Encrypted Large-Scale Data}},
	Year = {2016}}

@book{BCKO08,
	Author = {Mark de Berg and Otfried Cheong and Marc van Kreveld and Mark Overmars},
	Date-Added = {2016-03-15 17:31:59 +0000},
	Date-Modified = {2016-03-15 17:31:59 +0000},
	Publisher = {{Springer-Verlag}},
	Title = {{Computational Geometry: Algorithms and Applications}},
	Year = {2008}}

@book{MNPT06,
	Author = {Y. Manolopoulos and A. Nanopoulos and A. Papadopoulos and Y. Theodoridis},
	Date-Added = {2016-03-13 19:22:26 +0000},
	Date-Modified = {2016-03-13 19:22:26 +0000},
	Publisher = {Springer},
	Title = {{R-Trees: Theory and Applications}},
	Year = {2006}}

@inproceedings{Guttman84,
	Author = {A. Guttman},
	Booktitle = {{Proc. of ACM SIGMOD'84}},
	Date-Added = {2016-03-13 19:22:10 +0000},
	Date-Modified = {2016-03-13 19:22:10 +0000},
	Title = {{R-Trees: A Dynamic Index Structure for Spatial Searching}},
	Year = {1984}}

@book{KL14,
	Author = {Jonathan Katz and Yehuda Lindell},
	Date-Added = {2016-03-13 18:33:03 +0000},
	Date-Modified = {2016-03-13 18:33:15 +0000},
	Editor = {Second},
	Publisher = {{CRC Press}},
	Title = {{Introduction to Modern Cryptography}},
	Year = {{2014}}}

@inproceedings{PLZ13,
	Author = {Raluca Ada Popa and Frank H. Li and Nickolai Zeldovich},
	Booktitle = {{Proc. of IEEE S\&P'13}},
	Date-Added = {2016-03-13 17:50:57 +0000},
	Date-Modified = {2016-03-13 17:50:57 +0000},
	Title = {{An Ideal-Security Protocol for Order-Preserving Encoding}},
	Year = {2013}}

@inproceedings{KS14,
	Author = {Florian Kerschbaum and Axel Schropfer},
	Booktitle = {{Proc. of ACM CCS'14}},
	Date-Added = {2016-03-13 17:50:51 +0000},
	Date-Modified = {2016-03-13 17:50:51 +0000},
	Title = {{Optimal Average-Complexity Ideal-Security Order-Preserving Encryption}},
	Year = {2014}}

@inproceedings{BCLO09,
	Author = {Alexandra Boldyreva and Nathan Chenette and Younho Lee and Adam O'Neil},
	Booktitle = {{Proc. of EUROCRYPT'09}},
	Date-Added = {2016-03-13 17:50:36 +0000},
	Date-Modified = {2016-03-13 17:50:36 +0000},
	Title = {{Order-Preserving Symmetric Encryption}},
	Year = {2009}}

@inproceedings{SSW09,
	Author = {Shen, Emily and Shi, Elaine and Waters, Brent},
	Booktitle = {{Proc. of TCC'09}},
	Date-Added = {2016-03-13 16:52:52 +0000},
	Date-Modified = {2016-03-13 16:52:52 +0000},
	Title = {{Predicate Privacy in Encryption Systems}},
	Year = {2009}}

@inproceedings{WLCL14,
	Author = {Boyang Wang and Ming Li and Sherman Chow and Hui Li},
	Booktitle = {{Proc. of IEEE CNS'14}},
	Date-Added = {2016-03-12 21:55:01 +0000},
	Date-Modified = {2016-03-12 21:55:01 +0000},
	Title = {{A Tale of Two Clouds: Computing on Data Encrypted under Multiple Keys}},
	Year = {2014}}

@inproceedings{WHLWLL14,
	Author = {Boyang Wang and Yantian Hou and Ming Li and Haitao Wang and Hui Li and Fenghua Li},
	Booktitle = {{Proc. of Securecomm'14}},
	Date-Added = {2016-03-12 21:53:44 +0000},
	Date-Modified = {2016-03-12 21:53:44 +0000},
	Title = {{Tree-based Multi-Dimensional Range Search on Encrypted Data with Enhanced Privacy}},
	Year = {2014}}

@inproceedings{WHLWL14,
	Author = {Boyang Wang and Yantian Hou and Ming Li and Haitao Wang and Hui Li},
	Booktitle = {{Proc. of ACM ASIACCS'14}},
	Date-Added = {2016-03-12 21:53:21 +0000},
	Date-Modified = {2016-03-12 21:53:21 +0000},
	Title = {{Maple: Scalable Multi-Dimensional Range Search over Encrypted Cloud Data with Tree-based Index}},
	Year = {2014}}

@article{WLW16,
	Author = {Boyang Wang and Ming Li and Haitao Wang},
	Date-Added = {2016-03-12 21:51:48 +0000},
	Date-Modified = {2016-03-12 21:52:49 +0000},
	Journal = {{IEEE Transactions on Information Forensics and Security}},
	Number = {4},
	Pages = {704-719},
	Title = {{Geometric Range Search on Encrypted Spatial Data}},
	Volume = {11},
	Year = {2016}}

@inproceedings{WLWL15,
	Author = {Boyang Wang and Ming Li and Haitao Wang and Hui Li},
	Booktitle = {{Proc. of IEEE CNS'15}},
	Date-Added = {2016-03-12 21:51:40 +0000},
	Date-Modified = {2016-03-12 21:51:40 +0000},
	Title = {{Circular Range Search on Encrypted Spatial Data}},
	Year = {2015}}

@inproceedings{SFNXL15,
	Author = {Cyrus Shahabi and Liyue Fan and Luciano Nocera and Li Xiong and Ming Li},
	Booktitle = {{Proc. of ACM SIGSPATIAL GIS}},
	Date-Added = {2016-03-11 16:32:15 +0000},
	Date-Modified = {2016-03-11 16:32:15 +0000},
	Title = {{Privacy-Preserving Inference of Social Relationships from Location Data: A Vision Paper}},
	Year = {2015}}

@inproceedings{SWP00,
	Author = {Song, Dawn and Wagner, David and Perrig, Adrian},
	Booktitle = {{Proc. of IEEE S\&P'00}},
	Date-Added = {2016-03-11 16:31:15 +0000},
	Date-Modified = {2016-03-11 16:31:15 +0000},
	Title = {{Practical Techniques for Searches on Encrypted Data}},
	Year = {2000}}

@misc{Amazon,
	Date-Added = {2016-03-11 16:27:31 +0000},
	Date-Modified = {2017-02-26 21:01:56 +0000},
	Note = {http://aws.amazon.com/solutions/case-studies/},
	Url = {http://aws.amazon.com/solutions/case-studies/},
	Bdsk-Url-1 = {http://aws.amazon.com/solutions/case-studies/}}

@misc{IBM,
	Date-Added = {2016-03-11 16:22:15 +0000},
	Date-Modified = {2017-02-26 21:00:12 +0000},
	Note = {http://www-01.ibm.com/software/data/bigdata/what-is-big-data.html},
	Url = {http://www-01.ibm.com/software/data/bigdata/what-is-big-data.html},
	Bdsk-Url-1 = {http://www-01.ibm.com/software/data/bigdata/what-is-big-data.html}}

@book{ECE535,
	Author = {J. G. Proakis},
	Date-Added = {2016-02-04 04:52:11 +0000},
	Date-Modified = {2016-02-09 21:06:19 +0000},
	Edition = {4},
	Publisher = {McGraw-Hill},
	Title = {{Digital Communications}},
	Year = {2000}}

@book{ECE503,
	Author = {Athansios Papoulis},
	Date-Added = {2015-09-02 15:38:49 +0000},
	Date-Modified = {2015-09-02 15:42:04 +0000},
	Edition = {Third},
	Publisher = {McGraw-Hill},
	Title = {Probability, Random Variables, and Stochastic Processes},
	Year = {1991}}

@book{ECE6600,
	Author = {Jochen H. Schiller},
	Date-Added = {2015-01-30 05:12:13 +0000},
	Date-Modified = {2015-01-30 05:14:05 +0000},
	Publisher = {{Addison-Wesley}},
	Title = {{Mobile Communications}},
	Year = {2003}}

@book{CS5800,
	Author = {Ramez Elmasri and Shamkant B. Navathe},
	Date-Added = {2014-09-07 23:40:41 +0000},
	Date-Modified = {2014-09-08 04:02:42 +0000},
	Publisher = {Addison-Wesley},
	Title = {Fundementals of Database Systems},
	Year = {2011}}

@book{CS7910,
	Author = {{Satyan L. Devadoss and Joseph O'Rourke}},
	Date-Added = {2014-01-12 00:16:03 +0000},
	Date-Modified = {2014-01-12 00:18:11 +0000},
	Publisher = {{Princeton University Press}},
	Title = {{Discrete and Computational Geometry}},
	Year = {2011}}
